@article{Barry2006,
  title = {The Boundary Vector Cell Model of Place Cell Firing and Spatial Memory},
  volume = {17},
  ISSN = {0334-1763},
  url = {http://dx.doi.org/10.1515/revneuro.2006.17.1-2.71},
  DOI = {10.1515/revneuro.2006.17.1-2.71},
  number = {1-2},
  journal = {Reviews in the Neurosciences},
  publisher = {Walter de Gruyter GmbH},
  author = {Barry,  C. and Lever,  C. and Hayman,  R. and Hartley,  T. and Burton,  S. and O'Keefe,  J. and Jeffery,  K. and Burgess,  N.},
  year = {2006},
  month = jan 
}