@article{Barry2006,
  title     = {The Boundary Vector Cell Model of Place Cell Firing and Spatial Memory},
  volume    = {17},
  issn      = {0334-1763},
  url       = {http://dx.doi.org/10.1515/revneuro.2006.17.1-2.71},
  doi       = {10.1515/revneuro.2006.17.1-2.71},
  number    = {1-2},
  journal   = {Reviews in the Neurosciences},
  publisher = {Walter de Gruyter GmbH},
  author    = {Caswell Barry and Colin Lever and Robin Hayman and Tom Hartley and Stephen Burton and John O'Keefe and Kate Jeffery and Neil Burgess},
  year      = {2006},
  month     = jan
}
@article{Bonnevie2013,
  author  = {Tora Bonnevie and Benjamin Dunn and Marianne Fyhn and Torkel Hafting and Dori Derdikman and John L. Kubie and Yasser Roudi and Edvard I. Moser and May-Britt Moser},
  title   = {Grid cells require excitatory drive from the hippocampus},
  journal = {Nature Neuroscience},
  pages   = {309-317},
  year    = {2013},
  doi     = {https://doi.org/10.1038/nn.3311},
  month   = mar
}

@article{Brandon2011,
  author  = {Mark P. Brandon  and Andrew R. Bogaard  and Christopher P. Libby  and Michael A. Connerney  and Kishan Gupta  and Michael E. Hasselmo },
  title   = {Reduction of Theta Rhythm Dissociates Grid Cell Spatial Periodicity from Directional Tuning},
  journal = {Science},
  volume  = {332},
  number  = {6029},
  pages   = {595-599},
  year    = {2011},
  doi     = {10.1126/science.1201652},
  url     = {https://www.science.org/doi/abs/10.1126/science.1201652},
  eprint  = {https://www.science.org/doi/pdf/10.1126/science.1201652}
}

@article{Brandon2014,
  author  = {Mark P. Brandon and Julie Koenig and Stefan Leutgeb},
  title   = {Parallel and convergent processing in grid cell, head-direction cell, boundary cell, and place cell networks},
  journal = {WIREs Cognitive Science},
  volume  = {5},
  number  = {2},
  pages   = {207-219},
  doi     = {https://doi.org/10.1002/wcs.1272},
  url     = {https://wires.onlinelibrary.wiley.com/doi/abs/10.1002/wcs.1272},
  eprint  = {https://wires.onlinelibrary.wiley.com/doi/pdf/10.1002/wcs.1272},
  year    = {2014}
}

@article{Buetfering2014,
  author  = {Christina Buetfering and Kevin Allen and Hannah Monyer},
  title   = {Parvalbumin interneurons provide grid cell-driven recurrent inhibition in the medial entorhinal cortex},
  journal = {Nature Neuroscience},
  pages   = {710-718},
  year    = {2014},
  doi     = {https://doi.org/10.1038/nn.3696},
  month   = may
}

@article{Burgess2007,
  author   = {Neil Burgess and Caswell Barry and John O'Keefe},
  title    = {An oscillatory interference model of grid cell firing},
  journal  = {Hippocampus},
  volume   = {17},
  number   = {9},
  pages    = {801-812},
  keywords = {entorhinal cortex, stellate cells, dendrites, hippocampus, place cells, theta rhythm},
  doi      = {https://doi.org/10.1002/hipo.20327},
  url      = {https://onlinelibrary.wiley.com/doi/abs/10.1002/hipo.20327},
  eprint   = {https://onlinelibrary.wiley.com/doi/pdf/10.1002/hipo.20327},
  year     = {2007}
}

@article{Castro2014,
  author  = {Luisa Castro and Paulo Aguiar},
  title   = {A feedforward model for the formation of a grid field where spatial information is provided solely from place cells},
  journal = {Biological Cybernetics},
  year    = {2014},
  volume  = {108},
  pages   = {133-143},
  doi     = {https://doi.org/10.1007/s00422-013-0581-3},
  month   = apr
}

@article{Christensen2021,
  author  = {Ane Charlotte Christensen and Kristian Kinden Lensjø and Mikkel Elle Lepperød and Svenn-Arne Dragly and Halvard Sutterud and Jan Sigurd Blackstad and Marianne Fyhn and Torkel Hafting},
  title   = {Perineuronal nets stabilize the grid cell network},
  journal = {Nature Communications},
  pages   = {253},
  year    = {2021},
  doi     = {https://doi.org/10.1038/s41467-020-20241-w},
  month   = jan
}

@article{Couey2013,
  author  = {Jonathan J Couey and Aree Witoelar and Sheng-Jia Zhang and Kang Zheng and Jing Ye and Benjamin Dunn and Rafal Czajkowski and May-Britt Moser and Edvard I Moser and Yasser Roudi and Menno P Witter},
  title   = {Recurrent inhibitory circuitry as a mechanism for grid formation},
  journal = {Nature Neuroscience},
  pages   = {318-324},
  year    = {2013},
  doi     = {https://doi.org/10.1038/nn.3310},
  month   = mar
}

@article{Derdikman2009,
  title   = {Fragmentation of grid cell maps in a multicompartment environment},
  journal = {Nature},
  pages   = {1325-1332},
  year    = {2009},
  doi     = {https://doi.org/10.1038/nn.2396},
  author  = {Dori Derdikman and Jonathan R Whitlock and Albert Tsao and Marianne Fyhn and Torkel Hafting and May-Britt Moser and Edvard I Moser},
  month   = oct
}

@article{Dragoi2011,
  author  = {George Dragoi and Susumu Tonegawa},
  title   = {Preplay of future place cell sequences by hippocampal cellular assemblies},
  journal = {Nature},
  volume  = {469},
  pages   = {397-401},
  year    = {2011},
  month   = jan,
  doi     = {https://doi.org/10.1038/nature09633}
}

@article{Dragoi2013,
  author  = {George Dragoi and Susumu Tonegawa},
  title   = {Distinct preplay of multiple novel spatial experiences in the rat},
  journal = {PNAS},
  year    = {2013},
  month   = may,
  doi     = {https://doi.org/10.1073/pnas.1306031110}
}

@book{Dudchenko2010,
  author    = {Paul A. Dudchenko},
  title     = {Why People Get Lost: The Psychology and Neuroscience of Spatial Cognition},
  publisher = {Oxford University Press},
  year      = {2010},
  doi       = {https://doi.org/10.1093/acprof:oso/9780199210862.001.0001},
  address   = {Oxford}
}

@article{Etienne1980,
  author  = {Ariane S. Etienne},
  title   = {The orientation of the golden hamster to its nest-site after the elimination of various sensory cues},
  journal = {Cellular and Molecular Life Sciences},
  year    = {1980},
  volume  = {36},
  pages   = {1048-1050},
  doi     = {https://doi.org/10.1007/BF01965961},
  month   = sep
}

@article{Fyhn2015,
  title   = {Hippocampal remapping and grid realignment in entorhinal cortex},
  journal = {Nature},
  pages   = {190-194},
  year    = {2007},
  doi     = {https://doi.org/10.1038/nature05601},
  author  = {Marianne Fyhn and Torkel Hafting and Alessandro Treves and May-Britt Moser and Edvard I. Moser},
  month   = mar
}


@article{Gardner2015,
  title   = {Toroidal topology of population activity in grid cells},
  journal = {Nature},
  pages   = {123-128},
  year    = {2022},
  doi     = {https://doi.org/10.1038/s41586-021-04268-7},
  author  = {Richard J. Gardner and Erik Hermansen and Marius Pachitariu and Yoram Burak and Nils A. Baas and Benjamin A. Dunn and May-Britt Moser and Edvard I. Moser },
  month   = feb
}

@article{Hafting2005,
  title   = {Microstructure of a spatial map in the entorhinal cortex},
  journal = {Nature},
  pages   = {801-806},
  year    = {2005},
  doi     = {https://doi.org/10.1038/nature03721},
  author  = {Torkild Hafting and Marianne Fyhn and Sturla Molden and May-Britt Moser and Edvard I. Moser},
  month   = aug
}

@article{Hafting2008,
  author  = {Torkel Hafting and Marianne Fyhn and Tora Bonnevie and May-Britt Moser and Edvard I. Moser},
  title   = {Hippocampus-independent phase precession in entorhinal grid cells},
  journal = {Nature},
  volume  = {453},
  pages   = {1248-1252},
  doi     = {https://doi.org/10.1038/nature06957},
  year    = {2008}
}

@article{Koenig2011,
  author  = {Julie Koenig  and Ashley N. Linder  and Jill K. Leutgeb  and Stefan Leutgeb },
  title   = {The Spatial Periodicity of Grid Cells Is Not Sustained During Reduced Theta Oscillations},
  journal = {Science},
  volume  = {332},
  number  = {6029},
  pages   = {592-595},
  year    = {2011},
  doi     = {10.1126/science.1201685},
  url     = {https://www.science.org/doi/abs/10.1126/science.1201685},
  eprint  = {https://www.science.org/doi/pdf/10.1126/science.1201685}
}

@article{Kropff2008,
  author   = {Emilio Kropff and Alessandro Treves},
  title    = {The emergence of grid cells: Intelligent design or just adaptation?},
  journal  = {Hippocampus},
  volume   = {18},
  number   = {12},
  pages    = {1256-1269},
  keywords = {hippocampus, entorhinal cortex, firing rate adaptation, attractor network, memory},
  doi      = {https://doi.org/10.1002/hipo.20520},
  url      = {https://onlinelibrary.wiley.com/doi/abs/10.1002/hipo.20520},
  eprint   = {https://onlinelibrary.wiley.com/doi/pdf/10.1002/hipo.20520},
  year     = {2008}
}

@article{Krupic2015,
  title   = {Grid cell symmetry is shaped by environmental geometry},
  journal = {Nature},
  pages   = {232-235},
  year    = {2015},
  doi     = {https://doi.org/10.1038/nature14153},
  author  = {Julija Krupic and Marius Bauza and Stephen Burton and Caswell Barry and John O'Keefe},
  month   = feb
}

@article{Langston2010,
  author  = {Rosamund F. Langston and James A. Ainge and Jonathan J. Couey and Cathrin B. Canto and Tale L. Bjerknes and Menno P. Witter and Edvard I. Moser and May-Britt Moser },
  title   = {Development of the Spatial Representation System in the Rat},
  journal = {Science},
  volume  = {328},
  number  = {5985},
  pages   = {1576-1580},
  year    = {2010},
  doi     = {10.1126/science.1188210},
  url     = {https://www.science.org/doi/abs/10.1126/science.1188210},
  eprint  = {https://www.science.org/doi/pdf/10.1126/science.1188210}
}

@article{Mercado2020,
  author  = {Mauro M. Monsalve-Mercado and Christian Leibold},
  title   = {Effect of boundaries on grid cell patterns},
  journal = {Physiological Review Research},
  year    = {2020},
  volume  = {2},
  doi     = {https://doi.org/10.1103/PhysRevResearch.2.043137},
  month   = oct
}

@article{Muessig2015,
  author  = {Laurenz Muessig and Jonas Hauser and Thomas Joseph Wills and Francesca Cacucci},
  title   = {A Developmental Switch in Place Cell Accuracy Coincides with Grid Cell Maturation},
  journal = {Neuron},
  pages   = {1167-1173},
  year    = {2015},
  doi     = {10.1016/j.neuron.2015.05.011},
  month   = jun
}

@article{Muessig2024,
  author  = {Laurenz Muessig and Fabio Ribeiro Rodrigues and Tale L. Bjerknes and Benjamin W. Towse, Caswell Barry and Neil Burgess and Edvard I. Moser and May-Britt Moser and Francesca Cacucci and Thomas J. Wills},
  title   = {Environment geometry alters subiculum boundary vector cell receptive fields in adulthood and early development},
  journal = {Nature Communications},
  volume  = {15},
  pages   = {982},
  year    = {2024},
  doi     = {https://doi.org/10.1038/s41467-024-45098-1},
  month   = feb
}

@article{Muller1987,
  author  = {Robert U. Muller and John L. Kubie},
  title   = {The Effects of Changes in the Environment on the Spatial Firing of Hippocampal Complex-Spike Cells},
  journal = {The Journal of Neuroscience},
  year    = {1987},
  volume  = {7},
  pages   = {1951-1968},
  doi     = {https://doi.org/10.1523/JNEUROSCI.07-07-01951.1987},
  month   = jul
}

@article{OKeefe1971,
  doi     = {https://doi.org/10.1016/0006-8993(71)90358-1},
  author  = {John O'Keefe and Jonathan O. Dostrovsky},
  journal = {Brain Research},
  title   = {The hippocampus as a spatial map: Preliminary evidence from unit activity in the freely-moving rat.},
  year    = {1976},
  pages   = {171-175}
}

@article{OKeefe1976,
  title   = {Place units in the hippocampus of the freely moving rat},
  journal = {Experimental Neurology},
  volume  = {51},
  number  = {1},
  pages   = {78-109},
  year    = {1976},
  issn    = {0014-4886},
  doi     = {https://doi.org/10.1016/0014-4886(76)90055-8},
  url     = {https://www.sciencedirect.com/science/article/pii/0014488676900558},
  author  = {John O'Keefe}
}

@article{OKeefe1993,
  author  = {John O'Keefe and Michael L. Reese},
  title   = {Phase relationship between hippocampal place units and the EEG theta rhythm},
  journal = {Hippocampus},
  year    = {1993},
  volume  = {3},
  issue   = {3},
  pages   = {317 - 330},
  doi     = {https://doi.org/10.1002/hipo.450030307},
  month   = jul
}

@article{Olafsdottir2016,
  author  = {H Freyja Olafsdottir and Francis Carpenter and Caswell Barry},
  title   = {Coordinated grid and place cell replay during rest},
  journal = {Nature Neuroscience},
  pages   = {792-794},
  year    = {2016},
  doi     = {https://doi.org/10.1038/nn.4291},
  month   = jun
}


@article{Raudies2012,
  doi       = {10.1371/journal.pcbi.1002553},
  author    = {Florian Raudies and Michael E. Hasselmo},
  journal   = {PLOS Computational Biology},
  publisher = {Public Library of Science},
  title     = {Modeling Boundary Vector Cell Firing Given Optic Flow as a Cue},
  year      = {2012},
  month     = {06},
  volume    = {8},
  url       = {https://doi.org/10.1371/journal.pcbi.1002553},
  pages     = {1-17},
  number    = {6}
}

@article{Rowland2018,
  author  = {David C Rowland and Horst A Obenhaus and Emilie R Skytøen and Qiangwei Zhang and Cliff G Kentros and Edvard I Moser and May-Britt Moser},
  title   = {Functional properties of stellate cells in medial entorhinal cortex layer II},
  journal = {elife},
  year    = {2018},
  doi     = {https://doi.org/10.7554/eLife.36664},
  month   = sep
}

@article{Schmidt-Hieber2017,
  title   = {Active dendritic integration as a mechanism for robust and precise grid cell firing},
  journal = {Nature},
  pages   = {1114-1121},
  year    = {2017},
  doi     = {https://doi.org/10.1038/nn.4582},
  author  = {Christoph Schmidt-Hieber and Gabija Toleikyte and Laurence Aitchison and Arnd Roth and Beverley A. Clack and Tiago Branco and Michael Hausser},
  month   = aug
}


@article{Si2013,
  author  = {Bailu Si and Alessandro Treves},
  title   = {A model for the differentiation between grid and conjunctive units in medial entorhinal cortex},
  journal = {Hippocampus},
  year    = {2013},
  volume  = {23},
  pages   = {1410 - 1424},
  doi     = {https://doi.org/10.1002/hipo.22194},
  month   = aug
}

@article{Skaggs1996,
  author  = {William E. Skaggs and Bruce L. McNaughton and Matthew A. Wilson and Carol A. Barnes},
  title   = {Theta phase precession in hippocampal neuronal populations and the compression of temporal sequences},
  journal = {Hippocampus},
  year    = {1996},
  volume  = {6},
  issue   = {2},
  pages   = {149-172},
  doi     = {https://doi.org/10.1002/(SICI)1098-1063(1996)6:2<149::AID-HIPO6>3.0.CO;2-K}
}

@article{Stensola2015,
  title   = {Shearing-induced asymmetry in entorhinal grid cells},
  journal = {Nature},
  pages   = {207-212},
  year    = {2015},
  doi     = {https://doi.org/10.1038/nature14151},
  author  = {Tor Stensola and Hanne Stensola and May-Britt Moser and Edvard I. Moser},
  month   = feb
}

@article{Suzuki1980,
  author  = {Shinya Suzuki and Gerda Augerinos and Abraham H. Black },
  title   = {Stimulus control of spatial behavior on the eight-arm maze in rats},
  journal = {Learning and Motivation},
  year    = {1980},
  volume  = {11},
  pages   = {1-18},
  doi     = {https://doi.org/10.1016/0023-9690(80)90018-1},
  month   = feb
}

@article{Tolman1946,
  author  = {Edward C. Tolman and B. F. Ritchie and D. Kalish},
  title   = {Studies in Spatial Learning. I. Orientation and the Short-cut},
  journal = {Journal of Experimental Psychology},
  year    = {1946},
  issue   = {36},
  pages   = {13},
  doi     = {https://doi.org/10.1037/h0053944}
}

@article{Tolman1948,
  author  = {Edward C. Tolman},
  title   = {Cognitive Maps in Rats and Men},
  journal = {Psychological Review},
  year    = {1948},
  issue   = {55},
  pages   = {189 - 208}
}

@article{Waniek2018,
  author  = {Nicolai Waniek},
  title   = {Hexagonal Grid Fields Optimall Encode Transitions in Spatiotemporal Sequences},
  journal = {Neural Computation},
  year    = {2018},
  issue   = {30},
  pages   = {2691-2725},
  doi     = {https://doi.org/10.1162/neco_a_01122}
}

@article{Waniek2020,
  author  = {Nicolai Waniek},
  title   = {Transition Scale-Spaces; A Computational Theory for the Discretized Entorhinal Cortex},
  journal = {Neural Computation},
  year    = {2020},
  issue   = {32},
  pages   = {330-394},
  doi     = {https://doi.org/10.1162/neco_a_01255}
}

@article{Weber2018,
  author  = {Simon N. Weber and Henning Sprekeler},
  title   = {Learning place cells, grid cells and invariances with excitatory and inhibitory plasticity},
  journal = {elife},
  year    = {2018},
  volume  = {7},
  doi     = {https://doi.org/10.7554/eLife.34560},
  month   = feb
}

@article{Widloski2014,
  title   = {A Model of Grid Cell Development through Spatial Exploration and Spike Time-Dependent Plasticity},
  journal = {Neuron},
  volume  = {83},
  number  = {2},
  pages   = {481-495},
  year    = {2014},
  issn    = {0896-6273},
  doi     = {https://doi.org/10.1016/j.neuron.2014.06.018},
  author  = {John Widloski and Ila R. Fiete}
}

@article{Wills2010,
  author  = {Tom J. Wills and Francesca Cacucci and Neil Burgess and John O'Keefe },
  title   = {Development of the Hippocampal Cognitive Map in Preweanling Rats},
  journal = {Science},
  volume  = {328},
  number  = {5985},
  pages   = {1573-1576},
  year    = {2010},
  doi     = {10.1126/science.1188224},
  url     = {https://www.science.org/doi/abs/10.1126/science.1188224},
  eprint  = {https://www.science.org/doi/pdf/10.1126/science.1188224}
}

@article{Wills2012,
  author  = {Tom J. Wills and Caswell Barry and Francesca Cacucci},
  title   = {The abrupt development of adult-like grid cell firing in the medial entorhinal cortex},
  journal = {Frontiers in Neural Circuits},
  volume  = {6},
  year    = {2012},
  url     = {https://www.frontiersin.org/articles/10.3389/fncir.2012.00021},
  doi     = {10.3389/fncir.2012.00021},
  issn    = {1662-5110}
}

@article{Wilson1993,
  author  = {Matthew A. Wilson and Bruce L. McNaughton },
  title   = {Dynamics of the Hippocampal Ensemble Code for Space},
  journal = {Science},
  volume  = {261},
  number  = {5124},
  pages   = {1055-1058},
  year    = {1993},
  doi     = {10.1126/science.8351520},
  url     = {https://www.science.org/doi/abs/10.1126/science.8351520},
  eprint  = {https://www.science.org/doi/pdf/10.1126/science.8351520}
}

@article{Wilson1994,
  author  = {Matthew A. Wilson and Bruce L. McNaughton },
  title   = {Reactivation of Hippocampal Ensemble Memories During Sleep},
  journal = {Science},
  volume  = {265},
  number  = {5172},
  pages   = {676-679},
  year    = {1994},
  doi     = {10.1126/science.8036517},
  url     = {https://www.science.org/doi/abs/10.1126/science.8036517},
  eprint  = {https://www.science.org/doi/pdf/10.1126/science.8036517}
}

@article{Yartsev2011,
  author  = {Michael M. Yartsev and Menno P. Witter and Nachum Ulanovsky},
  title   = {Grid cells without theta oscillations in the entorhinal cortex of bats},
  journal = {Nature},
  volume  = {479},
  pages   = {103-107},
  year    = {2011},
  doi     = {https://doi.org/10.1038/nature10583},
  month   = nov
}

@article{Yoon2013,
  author  = {KiJung Yoon and Michael A Buice and Caswell Barry and Robin Hayman and Neil Burgess and Ila R Fiete},
  title   = {Specific evidence of low-dimensional continuous attractor dynamics in grid cells},
  volume  = {16},
  pages   = {1077-1084},
  year    = {2013},
  doi     = {https://doi.org/10.1038/nn.3450},
  journal = {Nature Neuroscience},
  month   = jul
}

@article{Zilli2010,
  author    = {Eric A. Zilli and Michael E. Hasselmo},
  title     = {Coupled Noisy Spiking Neurons as Velocity-Controlled Oscillators in a Model of Grid Cell Spatial Firing},
  volume    = {30},
  number    = {41},
  pages     = {13850--13860},
  year      = {2010},
  doi       = {10.1523/JNEUROSCI.0547-10.2010},
  publisher = {Society for Neuroscience},
  issn      = {0270-6474},
  url       = {https://www.jneurosci.org/content/30/41/13850},
  eprint    = {https://www.jneurosci.org/content/30/41/13850.full.pdf},
  journal   = {Journal of Neuroscience}
}

@article{Zilli2012,
  author  = {Eric Zilli},
  title   = {Models of Grid Cell Spatial Firing Published 2005–2011},
  journal = {Frontiers in Neural Circuits},
  volume  = {6},
  year    = {2012},
  url     = {https://www.frontiersin.org/articles/10.3389/fncir.2012.00016},
  doi     = {10.3389/fncir.2012.00016},
  issn    = {1662-5110}
}

@article{RatInABox,
  author  = {Tom M. George and Mehul Rastogi and William de Cothi and Claudia Clopath and Kimperl Stachenfeld and Caswell Berry},
  title   = {RatInABox, a toolkit for modelling locomotion and neuronal activity in continuous environments},
  journal = {elife},
  volume  = {13},
  year    = {2024},
  doi     = {https://doi.org/10.7554/eLife.85274},
}

@article{Brian2,
  author  = {Marcel Stimberg and Romain Brette and Dan F. M. Goodman},
  title   = {Brian2, an intuitive and efficient neural simulator},
  journal = {elife},
  volume  = {8},
  year    = {2019},
  doi     = {https://doi.org/10.7554/eLife.47314},
}